<collection xmlns="http://www.loc.gov/MARC21/slim">
<record>
  <leader>01533nam0a22002891i 450 </leader>
  <controlfield tag="001">IT\ICCU\CNCE\072700</controlfield>
  <controlfield tag="005">20080410000000.0</controlfield>
  <datafield tag="012" ind1=" " ind2=" ">
    <subfield code="a">dide o-o- o-os cate (3) 1563 (R)</subfield>
    <subfield code="2">fei</subfield>
  </datafield>
  <datafield tag="100" ind1=" " ind2=" ">
    <subfield code="a">20080408d1563        0itac0103    ba</subfield>
  </datafield>
  <datafield tag="101" ind1=" " ind2=" ">
    <subfield code="a">ITA</subfield>
  </datafield>
  <datafield tag="102" ind1=" " ind2=" ">
    <subfield code="a">IT</subfield>
  </datafield>
  <datafield tag="200" ind1="1" ind2=" ">
    <subfield code="a">De&apos; giuocchi discorso, il quale narra distintamente tutte le qualita sue buone, e cattiue, &amp; a qual fine fossero instituiti; doue si potra vedere s&apos;e lecito al christiano il gioccare ... Composto dal ... maestro Giouan Paulo Cardello da Nouara dell&apos;ordine de santo Dionysio di Milano</subfield>
  </datafield>
  <datafield tag="210" ind1=" " ind2=" ">
    <subfield code="a">In Milano</subfield>
    <subfield code="c">da la stampa del Moschenio</subfield>
    <subfield code="d">1563</subfield>
  </datafield>
  <datafield tag="215" ind1=" " ind2=" ">
    <subfield code="a">29, \3! p.</subfield>
    <subfield code="c">ill.</subfield>
    <subfield code="d">8ʻ</subfield>
  </datafield>
  <datafield tag="620" ind1=" " ind2=" ">
    <subfield code="a">IT</subfield>
    <subfield code="d">Milano</subfield>
  </datafield>
  <datafield tag="700" ind1=" " ind2="1">
    <subfield code="a">Cardelli,</subfield>
    <subfield code="b">Giovanni Paolo</subfield>
    <subfield code="3">IT\ICCU\CNCA\028829</subfield>
  </datafield>
  <datafield tag="712" ind1="0" ind2="0">
    <subfield code="a">Moscheni, Francesco</subfield>
    <subfield code="3">IT\ICCU\CNCT\000434</subfield>
    <subfield code="4">650</subfield>
  </datafield>
  <datafield tag="790" ind1=" " ind2="1">
    <subfield code="a">Cardello,</subfield>
    <subfield code="b">Giovanni Paolo</subfield>
    <subfield code="3">IT\ICCU\CNCA\029219</subfield>
    <subfield code="z">Cardelli, Giovanni Paolo</subfield>
  </datafield>
  <datafield tag="791" ind1="0" ind2="0">
    <subfield code="a">Muschenus, Franciscus</subfield>
    <subfield code="3">IT\ICCU\CNCT\002432</subfield>
    <subfield code="z">Moscheni, Francesco</subfield>
  </datafield>
  <datafield tag="791" ind1="0" ind2="0">
    <subfield code="a">Moschenius, Franciscus</subfield>
    <subfield code="3">IT\ICCU\CNCT\005229</subfield>
    <subfield code="z">Moscheni, Francesco</subfield>
  </datafield>
  <datafield tag="791" ind1="0" ind2="0">
    <subfield code="a">Moschenio, Francesco</subfield>
    <subfield code="3">IT\ICCU\CNCT\005230</subfield>
    <subfield code="z">Moscheni, Francesco</subfield>
  </datafield>
  <datafield tag="791" ind1="0" ind2="0">
    <subfield code="a">Moscheno, Francesco</subfield>
    <subfield code="3">IT\ICCU\CNCT\005231</subfield>
    <subfield code="z">Moscheni, Francesco</subfield>
  </datafield>
  <datafield tag="791" ind1="0" ind2="0">
    <subfield code="a">Moschenus, Franciscus</subfield>
    <subfield code="3">IT\ICCU\CNCT\005232</subfield>
    <subfield code="z">Moscheni, Francesco</subfield>
  </datafield>
  <datafield tag="791" ind1="0" ind2="2">
    <subfield code="a">Stampa Moscheniana</subfield>
    <subfield code="3">IT\ICCU\CNCT\005233</subfield>
    <subfield code="z">Moscheni, Francesco</subfield>
  </datafield>
  <datafield tag="801" ind1=" " ind2="3">
    <subfield code="a">IT</subfield>
    <subfield code="b">ICCU</subfield>
    <subfield code="c">20201115</subfield>
  </datafield>
  <datafield tag="899" ind1=" " ind2=" ">
    <subfield code="a">Biblioteca Apostolica Vaticana. Citt ̉del Vaticano</subfield>
    <subfield code="1">EX0001</subfield>
    <subfield code="2">ZCV 01</subfield>
  </datafield>
  <datafield tag="899" ind1=" " ind2=" ">
    <subfield code="a">Biblioteca comunale Augusta. Perugia</subfield>
    <subfield code="1">PG0109</subfield>
    <subfield code="2">UM1 01</subfield>
  </datafield>
</record>
</collection>
